@IEEEtranBSTCTL{IEEEexample:BSTcontrol,
CTLuse_forced_etal       = "yes",
CTLmax_names_forced_etal = "3",
CTLnames_show_etal       = "2"
}
@book{MLkg,
    address = {Heidelberg},
    author = {Nguyen, Chi Nhan und Zeigermann, Oliver},
    edition = {1st},
    publisher = {dpunkt.verlag},
    title = {Machine Learning kurz & gut},
    year = {2018}
}
@misc{KIMLDL,
    author = {Cesar Ortiz},
    title = {KI, ML, DL - was genau war das doch gleich noch mal?},
    url = {https://blogs.oracle.com/prdach/post/der-unterschied-zwischen-ki-ml-dl},
    year = {2020},
    note = {letzter Zugriff am 12.03.2022}
}

@misc{Artifici14:online,
    author = {Artem Oppermann},
    title = {Artificial Intelligence vs. Machine Learning vs. Deep Learning},
    url = {https://towardsdatascience.com/artificial-intelligence-vs-machine-learning-vs-deep-learning-2210ba8cc4ac},
    year = {2019},
    note = {letzter Zugriff am 03.25.2022}
}

@misc{SL:online,
    author = {Julianna Delua},
    title = {Supervised vs. Unsupervised Learning: What's the Difference? | IBM},
    url = {https://www.ibm.com/cloud/blog/supervised-vs-unsupervised-learning},
    year = {2021},
    note = {letzter Zugriff am 03.27.2022}
}

@misc{OCR:online,
    author = {Line Eikvil},
    title = {OCR - Optical Character Recognition},
    url = {http://home.nr.no/~eikvil/OCR.pdf},
    year = {1993},
    note = {letzter Zugriff am 03.27.2022}
}

@misc{OCR2:online,
    author = {Gidi Shperber},
    title = {A gentle introduction to OCR.},
    url = {https://towardsdatascience.com/a-gentle-introduction-to-ocr-ee1469a201aa},
    year = {2018},
    note = {letzter Zugriff am 03.27.2022}
}

@book{SWT:online,
    author = {Boris Epshtein, Eyal Ofek und Yonatan Wexler},
    title = {Detecting Text in Natural Scenes with Stroke Width Transform},
    url = {https://www.microsoft.com/en-us/research/wp-content/uploads/2016/02/201020CVPR20TextDetection.pdf},
    year = {2010},
    booktitle = {Computer Vision and Pattern Recognition (CVPR), 2010 IEEE Conference on},
    note = {letzter Zugriff am 01.04.2022}
}

@misc{PythonGVR:online,
    author = {Guido van Rossum},
    title = {Foreword for "Programming Python" (1st ed.)},
    url = {https://legacy.python.org/doc/essays/foreword},
    year = {1996},
    note = {letzter Zugriff am 01.04.2022}
}

@misc{ICDAR:online,
    title = {ICDAR},
    url = {https://icdar2021.org},
    note = {letzter Zugriff am 03.30.2022}
}