@misc{100YAI,
  author = {Peter Stone und Rodney Brooks und Erik Brynjolfsson und Ryan Calo und Oren Etzioni und Greg Hager und Julia Hirschberg und Shivaram Kalyanakrishnan und Ece Kamar und Sarit Kraus und Kevin Leyton-Brown und David Parkes, William Press und AnnaLee Saxenian und Julie Shah und Milind Tambe Astro Teller},
  url    = {https://ai100.stanford.edu/sites/g/files/sbiybj18871/files/media/file/ai100report10032016fnl_singles.pdf},
  title  = {Artificial Intelligence and Life in 2030.},
  year   = {2016}
}

@misc{MLvsDL,
  author = {Laurenz Wuttke},
  url    = {https://datasolut.com/machine-learning-vs-deep-learning},
  title  = {Machine Learning vs. Deep Learning: Wo ist der Unterschied?},
  note   = {letzter Zugriff am 12.09.2022}
}

@misc{GENTW,
  url   = {https://www.neurologen-und-psychiater-im-netz.org/gehirn-nervensystem/entwicklung},
  title = {Entwicklung von Gehirn und Nervensystem},
  note  = {letzter Zugriff am 12.09.2022}
}

@misc{NN,
  author = {Vidushi Meel},
  url    = {https://viso.ai/deep-learning/artificial-neural-network/},
  title  = {Artificial Neural Network: Everything you need to know},
  note   = {letzter Zugriff am 12.09.2022}
}

@misc{MLU,
  author = {Björn Böttcher und Daniel Klemm und Dr. Carlo Velten},
  url    = {https://cloudflight.io/app/uploads/2022/02/studie_machine-learning-im-unternehmenseinsatz.pdf},
  title  = {Machine Learning im Unternehmenseinsatz - Künstliche Intelligenz als Grundlage digitaler Transformationsprozesse},
  year   = {2017}
}

@book{TQFAI,
  author    = {Nils J. Nilsson},
  title     = {The Quest for Artificial Intelligence},
  year      = {2009},
  publisher = {Cambridge, UK: Cambridge University Press}
}

@misc{ICDAR:online,
  title = {ICDAR},
  url   = {https://icdar2021.org},
  note  = {letzter Zugriff am 03.30.2022}
}

@misc{LANP,
  author = {Dr. Edwin Ullmann},
  url    = {https://www.vhs-st.de/fileadmin/user_upload/Eigene_Daten/Projekte/PUYB/OEsterreich/20161006_WS_04_Neurobiologie.pdf},
  title  = {Lernen aus neurobiologischer Perspektive},
  year   = {2015}
}

@misc{KIMLDL,
  author = {Cesar Ortiz},
  title  = {KI, ML, DL - was genau war das doch gleich noch mal?},
  url    = {https://blogs.oracle.com/prdach/post/der-unterschied-zwischen-ki-ml-dl},
  year   = {2020},
  note   = {letzter Zugriff am 12.03.2022}
}

@book{MLkg,
  address   = {Heidelberg},
  author    = {Chi Nhan Nguyen und Oliver Zeigermann},
  edition   = {1st},
  publisher = {dpunkt.verlag},
  title     = {Machine Learning kurz und gut},
  year      = {2018}
}

@misc{OCR:online,
  author = {Line Eikvil},
  title  = {OCR - Optical Character Recognition},
  url    = {http://home.nr.no/~eikvil/OCR.pdf},
  year   = {1993},
  note   = {letzter Zugriff am 03.27.2022}
}

@misc{OCR2:online,
  author = {Gidi Shperber},
  title  = {A gentle introduction to OCR.},
  url    = {https://towardsdatascience.com/a-gentle-introduction-to-ocr-ee1469a201aa},
  year   = {2018},
  note   = {letzter Zugriff am 03.27.2022}
}

@misc{PythonGVR:online,
  author = {Guido van Rossum},
  title  = {Foreword for "Programming Python" (1st ed.)},
  url    = {https://legacy.python.org/doc/essays/foreword},
  year   = {1996},
  note   = {letzter Zugriff am 01.04.2022}
}

@misc{SL:online,
  author = {Julianna Delua},
  title  = {Supervised vs. Unsupervised Learning: What's the Difference? | IBM},
  url    = {https://www.ibm.com/cloud/blog/supervised-vs-unsupervised-learning},
  year   = {2021},
  note   = {letzter Zugriff am 03.27.2022}
}

@misc{OFUF,
  author = {Avijeet Biswal},
  url    = {https://www.simplilearn.com/tutorials/machine-learning-tutorial/overfitting-and-underfitting},
  title  = {The Complete Guide on Overfitting and Underfitting in Machine Learning},
  year   = {2021},
  note   = {letzter Zugriff am 13.09.2022}
}

@book{SWT:online,
  author    = {Boris Epshtein und Eyal Ofek und Yonatan Wexler},
  title     = {Detecting Text in Natural Scenes with Stroke Width Transform},
  url       = {https://www.microsoft.com/en-us/research/wp-content/uploads/2016/02/201020CVPR20TextDetection.pdf},
  year      = {2010},
  booktitle = {Computer Vision and Pattern Recognition (CVPR), 2010 IEEE Conference on},
  note      = {letzter Zugriff am 01.04.2022},
  publisher = {Microsoft Corporation }
}

@misc{DatenZumTrainieren,
  author = {Laurenz Wuttke},
  url    = {https://datasolut.com/wiki/trainingsdaten-und-testdaten-machine-learning/},
  title  = {Training-, Validierung- und Testdatensatz},
  year   = {2021},
  note   = {letzter Zugriff am 01.04.2022}
}

@misc{APR,
  author = {JEREMY JORDAN},
  url    = {https://www.jeremyjordan.me/evaluating-a-machine-learning-model/},
  title  = {Evaluating a machine learning model.},
  year   = {2017},
  note   = {letzter Zugriff am 13.09.2022}
}

@misc{SFT,
  url   = {https://insights.stackoverflow.com/survey/2021#technology-most-popular-technologies},
  title = {2021 Developer Survey},
  year  = {2021},
  note  = {letzter Zugriff am 13.09.2022}
}

@misc{ANG-IN,
  title = {Displaying values with interpolation},
  year  = {2022},
  note  = {letzter Zugriff am 13.11.2022},
  url   = {https://angular.io/guide/interpolation}
}

@misc{HTML-CSS,
  url   = {https://www.w3.org/standards/webdesign/htmlcss},
  title = {HTML \& CSS},
  note  = {letzter Zugriff am 14.11.2022}
}

@misc{HTML5,
  url   = {https://wiki.selfhtml.org/wiki/HTML/Tutorials/Entstehung_und_Entwicklung},
  title = {HTML/Tutorials/Entstehung und Entwicklung},
  note  = {letzter Zugriff am 14.11.2022}
}

@misc{HTML-Tags,
  url   = {https://code-crowd.de/blog/die-10-wichtigsten-html-tags/},
  title = {Die 10 wichtigsten HTML-Tags},
  year  = {2018},
  note  = {letzter Zugriff am 14.11.2022}
}

@misc{DOCTYPE,
  url   = {https://www.w3schools.com/tags/tag_doctype.asp},
  title = {HTML <!DOCTYPE> Declaration},
  note  = {letzter Zugriff am 14.11.2022}
}

@misc{HTML-ATT1,
  url   = {https://www.w3schools.com/html/html_attributes.asp},
  title = {HTML Attributes},
  note  = {letzter Zugriff am 17.11.2022}
}

@misc{HTML-ATT2,
  url   = {https://www.mediaevent.de/html/HTML-Attribute.html},
  title = {Übersicht: Attribute der HTML-Tags},
  year  = {2022},
  note  = {letzter Zugriff am 17.11.2022}
}

@misc{SCSS,
  url   = {https://sass-lang.com/guide},
  title = {Sass Basics},
  note  = {letzter Zugriff am 22.11.2022}
}

@misc{CSS-SYNTAX,
  url   = {https://developer.mozilla.org/en-US/docs/Web/CSS/Syntax},
  title = {Syntax},
  note  = {letzter Zugriff am 22.11.2022}
}

@misc{CSS,
  url   = {https://wiki.selfhtml.org/wiki/CSS/Tutorials/Einstieg/Stylesheets_einbinden#Einbindung},
  title = {CSS/Tutorials/Einstieg/Stylesheets einbinden},
  note  = {letzter Zugriff am 22.11.2022}
}

@misc{Cloud-Computing,
  title = {{Was ist Cloud-Computing? {$\vert$} Glossar}},
  year  = {2022},
  month = nov,
  note  = {[Online; accessed 24. Nov. 2022]},
  url   = {https://www.hpe.com/at/de/what-is/cloud-computing.html}
}

@article{Cloud-Computing2,
  author    = {Diaby, Tinankoria and Rad, Babak Bashari},
  title     = {{Cloud Computing: A review of the Concepts and Deployment Models}},
  journal   = {International Journal of Information Technology and Computer Science},
  volume    = {9},
  number    = {6},
  pages     = {50--58},
  year      = {2017},
  month     = jun,
  issn      = {2074-9015},
  publisher = {MECS Publisher},
  doi       = {10.5815/ijitcs.2017.06.07}
}

@misc{Cloud-Computing3,
  author = {Global},
  title  = {{A Brief Survey of Cloud Computing}},
  year   = {2022},
  month  = nov,
  note   = {[Online; accessed 24. Nov. 2022]},
  url    = {https://globaljournals.org/item/6275-a-brief-survey-of-cloud-computing}
}

@article{Cloud-Computing4,
  author    = {Avram, M. G.},
  title     = {{Advantages and Challenges of Adopting Cloud Computing from an Enterprise Perspective}},
  journal   = {Procedia Technol.},
  volume    = {12},
  pages     = {529--534},
  year      = {2014},
  month     = jan,
  issn      = {2212-0173},
  publisher = {Elsevier},
  doi       = {10.1016/j.protcy.2013.12.525}
}

@misc{AI-Builder,
  author = {Karki, Satya},
  title  = {{Create AI Model Using AI Builder To Extract Data From Document In Power Platform}},
  year   = {2021},
  month  = jan,
  note   = {[Online; accessed 24. Nov. 2022]},
  url    = {https://www.c-sharpcorner.com/article/create-ai-model-using-ai-builder-to-extract-data-from-document-in-power-platform}
}

@article{AI-Builder2,
  author  = {Drapala, Maciej},
  title   = {{AI Builder{\textendash}artificial Intelligence for knowledge workers - Fabrity Software House}},
  journal = {Fabrity Software House},
  year    = {2022},
  month   = may,
  url     = {https://fabrity.com/blog/low-code/ai-builder-artificial-intelligence-for-knowledge-workers}
}

@incollection{Cognitive-Computing,
  author    = {Aghav-Palwe, Sushila and Gunjal, Anita},
  title     = {{Introduction to cognitive computing and its various applications}},
  booktitle = {{Cognitive Computing for Human-Robot Interaction}},
  pages     = {1--18},
  year      = {2021},
  month     = jan,
  isbn      = {978-0-323-85769-7},
  publisher = {Academic Press},
  address   = {Cambridge, MA, USA},
  doi       = {10.1016/B978-0-323-85769-7.00009-4}
}

@book{Rest-API,
  author    = {Shah, Raivat},
  title     = {{Introduction to REST APIs - Towards Data Science}},
  journal   = {Medium},
  year      = {2021},
  month     = dec,
  isbn      = {978-905967600},
  publisher = {Towards Data Science},
  address   = {The Netherlands},
  url       = {https://towardsdatascience.com/introduction-to-rest-apis-90b5d9676004}
}

@misc{SDK-vs-API,
  title = {{SDK vs. API: What{'}s the Difference?}},
  year  = {2021},
  month = jul,
  note  = {[Online; accessed 24. Nov. 2022]},
  url   = {https://www.ibm.com/cloud/blog/sdk-vs-api}
}